@article{temp,
  title={Title},
  author={Author},
  year={2020},
  journal={Journal},
}
